@article{smith2024study,
	title         = {{A Study on LaTeX Formatting}},
	author        = {John Smith},
	year          = 2024,
	journal       = {{TeX Journal}},
	volume        = 15,
	number        = 2,
	pages         = {100--110}
}

@misc{f2023latex,
	title         = {{LaTeX Beginner's Guide}},
	author        = {Overleaf},
	year          = 2023,
	howpublished  = {\url{https://www.overleaf.com/learn/latex/Learn\_LaTeX\_in\_30\_minutes}}
}

@book{lamport1994latex,
	title         = {{LaTeX: A Document Preparation System}},
	author        = {Leslie Lamport},
	year          = 1994,
	publisher     = {Addison-Wesley},
	edition       = {2nd}
}

@misc{f2020learn,
	title         = {{Learn LaTeX in 30 Minutes}},
	author        = {Overleaf},
	year          = 2020,
	howpublished  = {\url{https://www.overleaf.com/learn/latex/Learn\_LaTeX\_in\_30\_minutes}}
}

@misc{f2024learn,
	title         = {{Learn\& LaTeX in 30 minutes}},
	author        = {Overleaf},
	year          = 2024,
	howpublished  = {\url{https://www.overleaf.com/learn/latex/Learn\_LaTeX\_in\_30\_minutes}}
}

@inproceedings{bocker2007state,
	title         = {{State of the art of induction motor control}},
	author        = {Bocker, Joachim and Mathapati, Shashidhar},
	year          = 2007,
	booktitle     = {2007 IEEE International Electric Machines \& Drives Conference},
	volume        = 2,
	pages         = {1459--1464},
	organization  = {IEEE}
}

@book{goossens1993latex1,
	title         = {{The LaTeX Companion}},
	author        = {Michel Goossens and Frank Mittelbach and Alexander Samarin},
	year          = 1993,
	publisher     = {Addison-Wesley},
	pages         = {249--300}
}

@book{goossens1993latex2,
	title         = {{The LaTeX Companion}},
	author        = {Michel Goossens and Frank Mittelbach and Alexander Samarin},
	year          = 1993,
	booktitle     = {TUG Conference},
	pages         = {245--279}
}

@article{knuth1984tex,
	title         = {{The TeX Typesetting System: User Manual}},
	author        = {Donald E. Knuth},
	year          = 1984,
	journal       = {{Computers \& Typesetting}},
	volume        = {A},
	pages         = {1--33}
}

@article{einstein1905zur,
	title         = {{Zur Elektrodynamik bewegter K\"{o}rper}},
	author        = {A. Einstein},
	year          = 1905,
	journal       = {{Annalen der Physik}},
	volume        = 322,
	number        = 10,
	pages         = {891--921}
}
